@article{engelen2020surveyOnSemiSupervised,
	author = {Engelen, Jesper and Hoos, Holger},
	year = {2020},
	month = {02},
	title = {A survey on semi-supervised learning},
	volume = {109},
	journal = {Machine Learning},
	doi = {10.1007/s10994-019-05855-6}
}

@article{triguero2015SelflabeledTechniques,
	author = {Triguero, Isaac and García, Salvador and Herrera, Francisco},
	year = {2015},
	month = {02},
	title = {Self-labeled techniques for semi-supervised learning: Taxonomy, software and empirical study},
	volume = {42},
	journal = {Knowledge and Information Systems},
	doi = {10.1007/s10115-013-0706-y}
}

@article{zhou2021SemisupervisedRecommendationAttack,
	author = {Zhou, Quanqiang and Duan, Liangliang},
	title = {Semi-Supervised Recommendation Attack Detection Based on Co-Forest},
	year = {2021},
	issue_date = {Oct 2021},
	publisher = {Elsevier Advanced Technology Publications},
	address = {GBR},
	volume = {109},
	number = {C},
	issn = {0167-4048},
	howpublished = {\url{https://doi.org/10.1016/j.cose.2021.102390}},
	doi = {10.1016/j.cose.2021.102390},
	journal = {Comput. Secur.},
	month = {oct},
	numpages = {18},
	keywords = {Semi-supervised learning, Co-Forest algorithm, Collaborative recommender system, Attack detection, Recommendation attack}
}

@article{mahony2004CollaborativeRecommendation,
	author = {O'Mahony, Michael and Hurley, Neil and Kushmerick, Nicholas and Silvestre, Gu\'{e}nol\'{e}},
	title = {Collaborative Recommendation: A Robustness Analysis},
	year = {2004},
	issue_date = {November 2004},
	publisher = {Association for Computing Machinery},
	address = {New York, NY, USA},
	volume = {4},
	number = {4},
	issn = {1533-5399},
	howpublished = {\url{https://doi.org/10.1145/1031114.1031116}},
	doi = {10.1145/1031114.1031116},
	journal = {ACM Trans. Internet Technol.},
	month = {nov},
	pages = {344–377},
	numpages = {34},
	keywords = {robustness, machine learning, Collaborative recommendation}
}

@article{lam2004ShillingRecommender,
	author = {Lam, Shyong K. and Riedl, John},
	title = {Shilling recommender systems for fun and profit},
	year = {2004},
	journal = {Thirteenth International World Wide Web Conference Proceedings, WWW2004},
	pages = {393 – 402},
	doi = {10.1145/988672.988726},
	howpublished = {\url{https://www.scopus.com/inward/record.uri?eid=2-s2.0-19944368437&doi=10.1145%2f988672.988726&partnerID=40&md5=4af97bfbe8e82f00d6fad4d5deb3edeb}},
	type = {Conference paper},
	publication_stage = {Final},
	source = {Scopus},
	note = {Cited by: 439}
}

@article{mingdan2018ShillingAttacksAReview,
	author = {Mingdan, Si and Li, Qingshan},
	year = {2018},
	month = {01},
	title = {Shilling attacks against collaborative recommender systems: a review},
	volume = {53},
	journal = {Artificial Intelligence Review},
	doi = {10.1007/s10462-018-9655-x}
}

@article{zhiang2012HySADNayveBayes,
	author = {Wu, Zhiang and Wu, Junjie and Cao, Jie and Tao, Dacheng},
	title = {HySAD: A Semi-Supervised Hybrid Shilling Attack Detector for Trustworthy Product Recommendation},
	year = {2012},
	isbn = {9781450314626},
	publisher = {Association for Computing Machinery},
	address = {New York, NY, USA},
	howpublished = {\url{https://doi.org/10.1145/2339530.2339684}},
	doi = {10.1145/2339530.2339684},
	booktitle = {Proceedings of the 18th ACM SIGKDD International Conference on Knowledge Discovery and Data Mining},
	pages = {985–993},
	numpages = {9},
	keywords = {semi-supervised learning, hybrid shilling attack, naive bayes, recommendation systems},
	location = {Beijing, China},
	series = {KDD '12}
}

@Inbook{Burke2015RobustCollaborative,
	author={Burke, Robin and O'Mahony, Michael P. and Hurley, Neil J.},
	title={Robust Collaborative Recommendation},
	bookTitle={Recommender Systems Handbook},
	year={2015},
	publisher={Springer US},
	address={Boston, MA},
	pages={805--835},
	isbn={978-0-387-85820-3},
	doi={10.1007/978-0-387-85820-3_25},
	howpublished = {\url{https://doi.org/10.1007/978-0-387-85820-3_25}}
}

@thesis{Mobasher2006Thesis,
	author = {Williams, Chad and Advisor, Research and Mobasher, Bamshad},
	year = {2006},
	title = {Thesis: Profile Injection Attack Detection for Securing Collaborative Recommender Systems}
}

@article{originalCoForest2007,  
	author={Li, Ming and Zhou, Zhi-Hua},  
	journal={IEEE Transactions on Systems, Man, and Cybernetics - Part A: Systems and Humans},   
	title={Improve Computer-Aided Diagnosis With Machine Learning Techniques Using Undiagnosed Samples},   
	year={2007},  
	volume={37},  
	number={6},  
	pages={1088-1098},  
	doi={10.1109/TSMCA.2007.904745}}

@article{noisyExamplesCoforest1988Dana,  
	author={Angluin, Dana and Laird, Philip},  
	journal={Machine Learning},   
	title={Learning From Noisy Examples},   
	year={1988},  
	volume={2},   
	pages={343-370},  
	doi={10.1023/A:1022873112823}}

@thesis{engelen2018thesis,
	author = {Van Engelen, Jesper and Hoos, Holger},
	year = {2018},
	month = {07},
	title = {Semi-supervised ensemble learning. Master’s thesis.},
	institution = {Leiden University}
} 

@online{keel,
	author = {Alcalá, Jesús and Fernández, Alberto and Luengo, Julián and Herrera, Francisco and Derrac, Joaquín and García, Salvador and Sánchez, Luciano},
	title = {KEEL: Knowledge Extraction based on Evolutionary Learning},
	year = 2018,
	howpublished = {\url{https://sci2s.ugr.es/keel/members.php}}
}

@online{keelRepo,
	author = {Alcalá, Jesús and Fernández, Alberto and Luengo, Julián and Herrera, Francisco and Derrac, Joaquín and García, Salvador and Sánchez, Luciano},
	title = {Github: KEEL},
	year = 2018,
	howpublished = {\url{https://github.com/SCI2SUGR/KEEL}}
}

@online{groupLensDatasets,
	author = {Group Lens},
	title = {MovieLens datasets},
	howpublished = {\url{https://grouplens.org/datasets/}}
}

@article {ensembles2006robi,
	author={Polikar, R.},
	journal={IEEE Circuits and Systems Magazine}, 
	title={Ensemble based systems in decision making}, 
	year={2006},
	volume={6},
	number={3},
	pages={21-45},
	doi={10.1109/MCAS.2006.1688199}
}

@book{apuntesSisint,
	author={García Osorio, César and Jose Francisco Diez Pastor},
	title={Aprendizaje automático: introducción y problemas tipo},
	year=2022
}

@book{apuntesMineria,
	author={Juan José Rodríguez Diez},
	title={Minería de datos: introducción},
	year=2023
}

@book{mitchell1997machine,
	author = {Mitchell, Tom M},
	keywords = {book ml},
	number = 9,
	publisher = {McGraw-hill New York},
	title = {Machine learning},
	volume = 1,
	year = 1997
}

@online{AUC2020imbalanced,
	author = {Brownlee, Jason},
	title = {ROC Curves and Precision-Recall Curves for Imbalanced Classification},
	year = 2020,
	howpublished = {\url{https://machinelearningmastery.com/roc-curves-and-precision-recall-curves-for-imbalanced-classification/}}
}

@online{AUC2022google,
	title = {Clasificación: Curva ROC y AUC},
	author = {Google Developers},
	year = 2022,
	howpublished = {\url{https://developers.google.com/machine-learning/crash-course/classification/roc-and-auc}}
}

@online{AUC2022Riccardo,
	author = {Di Sipio, Riccardo},
	title = {A Quick Guide to AUC-ROC in Machine Learning Models},
	year = 2021,
	howpublished = {\url{https://towardsdatascience.com/a-quick-guide-to-auc-roc-in-machine-learning-models-f0aedb78fbad}}
}

@book{leaningImbalanced2018Salvador,
	author = {García, Salvador and Fernández, Alberto and Galar, Mikel and Prati, Ronaldo C. and Krawczyk, Bartosz and Herrera, Francisco},
	publisher = {Springer International Publishing},
	title = {Learning from Imbalanced Data Sets},
	year = 2018,
	doi = {10.1007/978-3-319-98074-4}
}

@book{imbalanced2013Haibo,
	author = {He, Haibo and Ma, Yunqian},
	title = {Imbalanced Learning: Foundations, Algorithms, and Applications},
	year = {2013},
	isbn = {1118074629},
	publisher = {Wiley-IEEE Press},
	edition = {1st}
}

@article{tritraining2005@original,
	author={Zhi-Hua Zhou and Ming Li},
	journal={IEEE Transactions on Knowledge and Data Engineering}, 
	title={Tri-training: exploiting unlabeled data using three classifiers}, 
	year={2005},
	volume={17},
	number={11},
	pages={1529-1541},
	doi={10.1109/TKDE.2005.186}
}

@online{TorAvast2022,
	author = {Deepan Ghimiray},
	title = {Avast: qué es Tor, es seguro y cómo se usa.},
	year = 2022,
	howpublished = {\url{https://www.avast.com/es-es/c-tor-dark-web-browser}}
}

@online{TorKeepCoding2022,
	author = {KeepCoding},
	title = {¿Qué es el onion routing?},
	year = 2022,
	howpublished = {\url{https://keepcoding.io/blog/que-es-el-onion-routing/}}
}

@online{TorAndrea2022,
	author = {Andrea Ardións},
	title = {Cómo funciona Tor y para qué deberíamos utilizarlo},
	year = 2017,
	howpublished = {\url{https://www.profesionalreview.com/2017/01/01/como-funciona-tor/}}
}

@online{SOCKS5Tor2022,
	author = {Tor Project},
	title = {SOCKS5 / SOCKS5},
	year = 2022,
	howpublished = {\url{https://support.torproject.org/es/glossary/socks5/}}
}

@online{cifradoIBM,
	author = {IBM},
	title = {¿Qué es el cifrado? Definición de cifrado de datos.},
	year = 2022,
	howpublished = {\url{https://www.ibm.com/es-es/topics/encryption}}
}

@online{cifradoAvast,
	author = {Avast},
	title = {Cifrado de datos: ¿en qué consiste? },
	year = 2022,
	howpublished = {\url{https://www.avast.com/es-es/c-encryption}}
}

@book{apuntesCybersec,
	author={Grzegorz Kołaczek},
	title={Cybersecurity: class notes},
	year = 2021
}

@online{TorFicherosTor,
	author = {Tor Project},
	title = {I'm supposed to edit my torrc. What does that mean?},
	year = 2022,
	howpublished = {\url{https://support.torproject.org/tbb/tbb-editing-torrc/}}
}

@article{lamdasslPaper,
	title={LAMDA-SSL: Semi-Supervised Learning in Python}, 
	author={Lin-Han Jia and Lan-Zhe Guo and Zhi Zhou and Yu-Feng Li},
	journal={arXiv preprint arXiv:2208.04610},
	year={2022}
}

@online{lamdasslRepo,
	title={Github: LAMDA-SSL}, 
	author={Lin-Han Jia and Lan-Zhe Guo and Zhi Zhou and Yu-Feng Li},
	howpublished = {\url{https://github.com/YGZWQZD/LAMDA-SSL}},
	year={2022}
}

@online{sslearnRepo,
	title={Github: sslearn}, 
	author={José Luis Garrido-Labrador},
	howpublished = {\url{https://github.com/jlgarridol/sslearn}},
	year={2023},
	doi = {10.5281/zenodo.7565222}
}

@inproceedings{cantinatfidf,
	author = {Zhang, Yue and Hong, Jason I. and Cranor, Lorrie F.},
	title = {Cantina: A Content-Based Approach to Detecting Phishing Web Sites},
	year = {2007},
	isbn = {9781595936547},
	publisher = {Association for Computing Machinery},
	address = {New York, NY, USA},
	howpublished = {\url{https://doi.org/10.1145/1242572.1242659}},
	doi = {10.1145/1242572.1242659},
	pages = {639–648},
	numpages = {10},
	keywords = {TF-IDF, phishing, evaluation, toolbar, anti-phishing}
}

@online{tfidfmarius2020,
	title={TF-IDF Explained And Python Sklearn Implementation}, 
	author={Marius Borcan},
	howpublished = {\url{https://towardsdatascience.com/tf-idf-explained-and-python-sklearn-implementation-b020c5e83275}},
	year={2020}
}

@online{tfidfsklearn2020,
	title={TF-IDF term weighting}, 
	author={Scikit-learn project},
	howpublished = {\url{https://scikit-learn.org/stable/modules/feature_extraction.html#tfidf-term-weighting}},
	year={2022}
}

@online{checkOpenTorPorts,
	title= {How to check if port is in use on Linux or Unix}, 
	author={Vivek Gite},
	howpublished = {\url{https://www.cyberciti.biz/faq/unix-linux-check-if-port-is-in-use-command/}},
	year={2023}
}

@online{phishTankDB,
	title= {Phish Tank Database. Developer Information}, 
	author={Phish Tank},
	howpublished = {\url{https://phishtank.org/developer_info.php}},
	year={2023}
}

@online{openFishDB,
	title= {OpenPhish Database}, 
	author={Open Fish},
	howpublished = {\url{https://openphish.com/phishing_database.html}},
	year={2023}
}

@online{openFishFile,
	title= {Open Fish feed file}, 
	author={Open Fish},
	howpublished = {\url{https://openphish.com/feed.txt}},
	year={2023}
}

@online{banksitesTop,
	title= {Clasificación de los mejores sitios web de Créditos y préstamos bancarios en el mundo}, 
	author={Similar Web},
	howpublished = {\url{https://www.similarweb.com/es/top-websites/finance/banking-credit-and-lending/}},
	year={2023}
}

@online{AlexaTopWebsites,
	title= {Alexa Top Websites}, 
	author={Expired Domains},
	howpublished = {\url{https://www.expireddomains.net/alexa-top-websites/}},
	year={2023}
}

@online{paymentGatewaysWebsites,
	title= {Payment gateways in Spain}, 
	author={Shopify},
	howpublished = {\url{https://www.shopify.com/payment-gateways/spain}},
	year={2023}
}

@article{featuresPhishing2018Gupta,
	author={Ankit Kumar Jain and B. B. Gupta},
	title={Towards detection of phishing websites on client-side using machine learning based approach},
	journal={Telecommunication Systems: Modelling, Analysis, Design and Management},
	year=2018,
	volume={68},
	number={4},
	pages={687-700},
	doi={10.1007/s11235-017-0414-0}
}

@online{nltk,
	title= {NLTK documentation}, 
	author={Natural Language Toolkit},
	howpublished = {\url{https://www.nltk.org/}},
	year={2023}
}

@online{bs4Docs,
	title= {Beautiful Soup documentation}, 
	author={Beautiful Soup},
	howpublished = {\url{https://beautiful-soup-4.readthedocs.io/en/latest/}},
	year={2023}
}

@online{sklearnHome,
	title= {Scikit-Learn. Machine Learning in Python.}, 
	author={Scikit-Learn},
	howpublished = {\url{https://scikit-learn.org/stable/}},
	year={2023}
}

@online{githubHome,
	title= {Github. Let’s build from here}, 
	author={Github},
	howpublished = {\url{https://github.com/}},
	year={2023}
}

@online{zenhubHome,
	title= {Zenhub. The productivity platform for software teams}, 
	author={Zenhub},
	howpublished = {\url{https://www.zenhub.com/}},
	year={2023}
}

@online{dataUri2020neoguias,
	title= {Data URL: Qué es y cómo se utiliza}, 
	author={Lázaro, Eduardo},
	howpublished = {\url{https://www.neoguias.com/data-url/}},
	year={2020}
}

@online{dataUri2010csstrick,
	title= {Data URIs}, 
	author={Coyier, Chris},
	howpublished = {\url{hhttps://css-tricks.com/data-uris/}},
	year={2010}
}

@online{anclaMozilla,
	title= {<a>: El elemento ancla}, 
	author={Mozilla developers},
	howpublished = {\url{https://developer.mozilla.org/es/docs/Web/HTML/Element/a}},
	year={2023}
}

@article{hiperlinkHidingTechniques,
	author = {Geng, Guang-Gang and Zhang, Yan-Ming and Lee, Xiao-Dong and Wang, Wei and Hu, An-Lei},
	year = {2013},
	month = {03},
	title = {A Taxonomy of Hyperlink Hiding Techniques}
}

@online{cssExternos,
	title= {How to See and Extract CSS of a Website}, 
	author={Technocript},
	howpublished = {\url{https://technocript.com/how-to-see-and-extract-css-of-a-website/}},
	year={2022}
}

@online{favicons,
	title= {HTML Favicon: A How-To Guide}, 
	author={Felipe Bohórquez},
	howpublished = {\url{https://careerkarma.com/blog/html-favicon/}},
	year={2020}
}

@online{metatags,
	title= {Los meta tags más importantes en HTML}, 
	author={IONOS},
	howpublished = {\url{https://www.ionos.es/digitalguide/paginas-web/desarrollo-web/los-meta-tags-mas-importantes-y-su-funcion/}},
	year={2022}
}

@online{sqlIw3school,
	title= {SQL Injection}, 
	author={W3 Schools},
	howpublished = {\url{https://www.w3schools.com/sql/sql_injection.asp}},
	year={2023}
}

@online{csrfatatus,
	title= {Cross-Site Request Forgery, a threat to Open Web Applications}, 
	author={Atatus},
	howpublished = {\url{https://www.atatus.com/blog/cross-site-request-forgery-a-threat-to-open-web-applications/}},
	year={2022}
}

@online{xssICM,
	title= {Qué es un ataque XSS o Cross Site Scripting}, 
	author={Pablo Gómez},
	howpublished = {\url{https://www.icm.es/2022/05/11/cross-site-scripting-ataque-xss/}},
	year={2022}
}

@online{xssDibus,
	title= {What is XSS (cross site scripting)?}, 
	author={Wallarm},
	howpublished = {\url{https://www.wallarm.com/what/what-is-xss-cross-site-scripting}},
	year={2022}
}

@online{xssVsCSRF,
	title= {XSS vs CSRF. What Is The Difference?}, 
	author={Wallarm},
	howpublished = {\url{https://www.wallarm.com/what/what-is-the-difference-between-csrf-and-xss}},
	year={2022}
}

@online{httpHeaders,
	title= {HTTP headers}, 
	author={Mozilla developers},
	howpublished = {\url{https://developer.mozilla.org/es/docs/Web/HTTP/Headers}},
	year={2023}
}

@online{httpStatus,
	title= {HTTP response status codes}, 
	author={Mozilla developers},
	howpublished = {\url{https://developer.mozilla.org/en-US/docs/Web/HTTP/Status}},
	year={2023}
}

@online{leetSpectrum,
	title= {What is Leet Speak?}, 
	author={Zigelman, Katie},
	howpublished = {\url{https://www.spectrumlabsai.com/the-blog/what-is-leet-speak}},
	year={2020}
}

@article{democraticCoLearning2004original,
	author={Zhou, Y. and Goldman, S.},
	booktitle={16th IEEE International Conference on Tools with Artificial Intelligence}, 
	title={Democratic co-learning}, 
	year={2004},
	pages={594-602},
	doi={10.1109/ICTAI.2004.48}
}


@online{tldLibreria,
	title= {TLD 0.12.7}, 
	author={Delusionalinsanity},
	howpublished = {\url{https://pypi.org/project/tld/}},
	year={2023}
}

@online{tldLista,
	title= {100 Most Popular TLDs by Google Index}, 
	author={Adams, Tim},
	howpublished = {\url{https://www.scoutdns.com/100-most-popular-tlds-by-google-index/}},
	year={2022}
}

@online{tldNogenerico,
	title= {How to extract top-level domain name (TLD) from URL}, 
	author={Martelli, Alex},
	howpublished = {\url{https://stackoverflow.com/questions/1066933/how-to-extract-top-level-domain-name-tld-from-url}},
	year={2009}
}

@online{enlacesAbsRel,
	title= {Enlaces relativos y absolutos}, 
	author={Uniwebsidad},
	howpublished = {\url{https://uniwebsidad.com/libros/xhtml/capitulo-4/enlaces-relativos-y-absolutos}}
}

@online{sonarCloud,
	title= {Clean code in your cloud workflow with SonarCloud}, 
	author={SonarCloud},
	howpublished = {\url{https://www.sonarsource.com/products/sonarcloud/}}
}

@online{deepSourceBot,
	title= {DeepSource: The Code Health Platform}, 
	author={DeepSource},
	howpublished = {\url{https://deepsource.io/}}
}

@online{phishingPorcentajeExito,
	title= {El 54\% del phishing' con éxito acaba en brechas de datos de los clientes}, 
	author={Redacción de ComputerWorld},
	howpublished = {\url{https://cso.computerworld.es/cibercrimen/el-54-del-phishing-con-exito-acaba-en-brechas-de-datos-de-los-clientes}},
	year=2022
}

@online{phishingBBVA,
	title= {¿Qué es el phishing y cuáles son sus consecuencias?}, 
	author={BBVA},
	howpublished = {\url{https://www.bbva.es/finanzas-vistazo/ciberseguridad/ataques-informaticos/que-es-el-phishing-y-cuales-son-sus-consecuencias.html}},
	year=2023
}

@online{ingenieriaSocialINCIBE,
	title= {Ingeniería social: el engaño como arma del delito}, 
	author={INCIBE},
	howpublished = {\url{https://www.incibe.es/aprendeciberseguridad/ingenieria-social}},
	year=2023
}

@online{phishingKeeperSecurity,
	title= {Qué es el phishing y cómo evitar las estafas}, 
	author={Keeper Security},
	howpublished = {\url{https://www.keepersecurity.com/es_ES/threats/what-is-phishing.html}},
	year=2023
}

@online{phishingMicrosoft,
	title= {Los peligros de los correos electrónicos de phishing}, 
	author={Microsoft},
	howpublished = {\url{https://www.microsoft.com/es-es/security/business/security-101/what-is-phishing}},
	year=2023
}

@online{conda,
	title= {Conda}, 
	author={Conda},
	howpublished = {\url{https://docs.conda.io/en/latest/}},
	year=2023
}

@online{python,
	title= {El tutorial de Python}, 
	author={Phyton},
	howpublished = {\url{https://docs.python.org/es/3/tutorial/}},
	year=2023
}

@online{venvs,
	title= {Entornos virtuales y paquetes}, 
	author={Phyton},
	howpublished = {\url{https://docs.python.org/es/3/tutorial/venv.html}},
	year=2023
}

@online{travisCI,
	title= {Test and deploy with confidence}, 
	author={Travis CI},
	howpublished = {\url{https://www.travis-ci.com/}},
	year=2023
}

@online{gitGuardian,
	title= {Keep secrets out of your source code}, 
	author={Git Guardian},
	howpublished = {\url{https://www.gitguardian.com/}},
	year=2023
}

@book{scrumMaster2022,
	author = {Marta Palacio},
	year = {2022},
	month = {02},
	pages = {82},
	title = {Scrum Master. Temario troncal 1.},
	howpublished = {\url{https://www.scrummanager.com/files/scrum_master.pdf}}
}

@online{cdciRedHat,
	title= {La integración y la distribución continuas (CI/CD)}, 
	author={Red Hat},
	howpublished = {\url{https://www.redhat.com/es/topics/devops/what-is-ci-cd}},
	year=2022
}

@online{cdciUnity,
	title= {¿Qué es CI/CD?}, 
	author={Unity},
	howpublished = {\url{https://unity.com/es/solutions/what-is-ci-cd}},
	year=2023
}

@online{gitFlow,
	title= {Flujo de trabajo de Gitflow }, 
	author={Atlassian},
	howpublished = {\url{https://www.atlassian.com/es/git/tutorials/comparing-workflows/gitflow-workflow}},
	year=2023
}