@article{engelen2020surveyOnSemiSupervised,
	author = {Engelen, Jesper and Hoos, Holger},
	year = {2020},
	month = {02},
	title = {A survey on semi-supervised learning},
	volume = {109},
	journal = {Machine Learning},
	doi = {10.1007/s10994-019-05855-6}
}

@article{triguero2015SelflabeledTechniques,
	author = {Triguero, Isaac and Garc√≠a, Salvador and Herrera, Francisco},
	year = {2015},
	month = {02},
	title = {Self-labeled techniques for semi-supervised learning: Taxonomy, software and empirical study},
	volume = {42},
	journal = {Knowledge and Information Systems},
	doi = {10.1007/s10115-013-0706-y}
}

@article{zhou2021SemisupervisedRecommendationAttack,
	author = {Zhou, Quanqiang and Duan, Liangliang},
	title = {Semi-Supervised Recommendation Attack Detection Based on Co-Forest},
	year = {2021},
	issue_date = {Oct 2021},
	publisher = {Elsevier Advanced Technology Publications},
	address = {GBR},
	volume = {109},
	number = {C},
	issn = {0167-4048},
	url = {https://doi.org/10.1016/j.cose.2021.102390},
	doi = {10.1016/j.cose.2021.102390},
	journal = {Comput. Secur.},
	month = {oct},
	numpages = {18},
	keywords = {Semi-supervised learning, Co-Forest algorithm, Collaborative recommender system, Attack detection, Recommendation attack}
}

@article{mingdan2018ShillingAttacksAReview,
	author = {Mingdan, Si and Li, Qingshan},
	year = {2018},
	month = {01},
	pages = {},
	title = {Shilling attacks against collaborative recommender systems: a review},
	volume = {53},
	journal = {Artificial Intelligence Review},
	doi = {10.1007/s10462-018-9655-x}
}